% This file was created with JabRef 2.10.
% Encoding: Cp1252


@Conference{Bhat_2015,
  Title                    = {SolventFit: A Calibration Tool for Solvent-based {CO}$_2$ Capture Models},
  Author                   = {Bhat, K.S. and Sherman, B. and Ajayi, K. and Ng, B. and Eslick, J. and Ou, J. and Kress, J.},
  Booktitle                = {2015 CCSI Industry Advisory Board (IAB) Program Review Meeting},
  Year                     = {2015},

  Address                  = {Reston, VA},
  Month                    = {September},

  Owner                    = {john},
  Timestamp                = {2015.11.09}
}

@Article{Cozad_2014,
  Title                    = {{A}utomatic {L}earning of {A}lgebraic {M}odels for {O}ptimization},
  Author                   = {A. Cozad and N. V. Sahinidis and D. C. Miller},
  Journal                  = {AIChE Journal},
  Year                     = {2014},
  Pages                    = {2211-2227},
  Volume                   = {60},

  Owner                    = {jeslick},
  Timestamp                = {2014.07.14}
}

@InBook{Hansen_2006,
  Title                    = {Towards a New Evolutionary Computation. Advances in Estimation of Distribution Algorithms},
  Author                   = {N. Hansen},
  Chapter                  = {The CMA Evolution Strategy: A Comparing Review},
  Pages                    = {75-102},
  Publisher                = {Springer},
  Year                     = {2006},

  Journal                  = {{T}owards a {N}ew {E}volutionary {C}omputation. {A}dvances in {E}stimation of {D}istribution {A}lgorithms},
  Owner                    = {jeslick},
  Timestamp                = {2014.09.08}
}

@Electronic{Johnson_2015,
  Title                    = {The NLopt nonlinear-optimization package},
  Author                   = {S. G. Johnson},
  HowPublished             = {http://ab-initio.mit.edu/nlopt},
  Month                    = {May},
  Organization             = {Massachusetts Institute of Technology},
  Url                      = {http://ab-initio.mit.edu/nlopt},
  Year                     = {2015},

  Owner                    = {jeslick},
  Timestamp                = {2015.05.18}
}

@Electronic{Scipy_2015,
  Title                    = {SciPy: Open source scientific tools for Python},
  Author                   = {Eric Jones and Travis Oliphant and Pearu Peterson and others},
  HowPublished             = {http://www.scipy.org/},
  Month                    = {May},
  Url                      = {http://www.scipy.org/},
  Year                     = {2015},

  Owner                    = {jeslick},
  Timestamp                = {2015.05.18}
}

@Article{Narendra_1997,
  Title                    = {Adaptive Control Using Neural Networks and Approximate Models},
  Author                   = {K. S. Narendra},
  Journal                  = {IEEE Transaction on Neural Networks},
  Year                     = {1997},
  Number                   = {3},
  Pages                    = {475-485},
  Volume                   = {8}
}

@Article{Reich_2009,
  Title                    = {Variable Selection in Bayesian Smoothing Spline ANOVA Models: Application to Deterministic Computer Codes},
  Author                   = {B. J. Reich and C. B. Storlie and H. D. Bondell},
  Journal                  = {Technometrics},
  Year                     = {2009},
  Number                   = {2},
  Pages                    = {110-120},
  Volume                   = {51},

  Owner                    = {jeslick},
  Timestamp                = {2015.06.25}
}

@Article{Sentoni_1998,
  Title                    = {State-Space Nonlinear Process Modeling: Identification and Universality},
  Author                   = {Guillermo B. Sentoni and Lorenz T. Biegler and John B. Guiver and Hong Zhao},
  Journal                  = {AIChE Journal},
  Year                     = {1998},

  Month                    = {October},
  Number                   = {10},
  Pages                    = {2229-2239},
  Volume                   = {44}
}

@Article{Storlie_2011,
  Title                    = {Surface Estimation, Variable Selection, and the Nonparametric Oracle Property},
  Author                   = {C. B. Storlie and H. D. Bondell and B. J. Reich and Hao Helen Zhang},
  Journal                  = {Statistica Sinica},
  Year                     = {2011},
  Number                   = {2},
  Pages                    = {679-705},
  Volume                   = {21},

  Owner                    = {jeslick},
  Timestamp                = {2015.06.25}
}

@Article{Storlie_2013,
  Title                    = {Analysis of computationally demanding models with continuous and categorical inputs},
  Author                   = {C. B. Storlie and B. J. Reich and J. C. Helton and L. P. Swiler and C. J. Sallaberry},
  Journal                  = {Reliability Engineering \& System Safety},
  Year                     = {2013},
  Pages                    = {30-41},
  Volume                   = {113},

  Owner                    = {jeslick},
  Timestamp                = {2015.06.25}
}

@TechReport{Tong_2011,
  Title                    = {{PSUADE} {U}ser's {M}anual, {V}ersion 1.2.0},
  Author                   = {C. Tong},
  Institution              = {Lawrence Livermore National Laboratory},
  Year                     = {2011},

  Address                  = {Livermore, CA 94551-0808},
  Month                    = {May},
  Number                   = {LLNL-SM-407882},

  Owner                    = {jeslick},
  Timestamp                = {2014.10.20}
}

@Electronic{Tong_2014,
  Title                    = {The PSUADE Uncertainty Quantification Project},
  Author                   = {C. H. Tong},
  HowPublished             = {WWW},
  Month                    = {October},
  Organization             = {Lawrence Livermore National Laboratory},
  Url                      = {http://computation.llnl.gov/casc/uncertainty_quantification/},
  Year                     = {2014},

  Owner                    = {jeslick},
  Timestamp                = {2014.10.20}
}

@Article{Wegstein_1958,
  Title                    = {{A}ccelerating {C}onvergence of {I}terative {P}rocesses},
  Author                   = {J. H. Wegstein},
  Journal                  = {j-CACM},
  Year                     = {1958},
  Number                   = {6},
  Pages                    = {9-13},
  Volume                   = {1}
}

